<?xml version='1.0' encoding='UTF-8'?>
<record xmlns="http://www.loc.gov/MARC21/slim">
  <leader>01725cam a2200373Ma 4500</leader>
  <controlfield tag="001">2754222</controlfield>
  <controlfield tag="003">NjP</controlfield>
  <controlfield tag="005">20171010172721.0</controlfield>
  <controlfield tag="008">880627s1955    ua       b    000 0 araod</controlfield>
  <datafield tag="024" ind1="7" ind2=" ">
    <subfield code="a">princeton_aco002243</subfield>
    <subfield code="2">local</subfield>
  </datafield>
  <datafield ind1=" " ind2=" " tag="035">
    <subfield code="a">(OCoLC)ocn178208861</subfield>
  </datafield>
  <datafield ind1=" " ind2=" " tag="035">
    <subfield code="a">(OCoLC)ocm18397446</subfield>
  </datafield>
  <datafield ind1=" " ind2=" " tag="040">
    <subfield code="a">CGU</subfield>
    <subfield code="c">PUL</subfield>
    <subfield code="d">PUL</subfield>
  </datafield>
  <datafield ind1=" " ind2=" " tag="035">
    <subfield code="a">(OCoLC)178208861</subfield>
  </datafield>
  <datafield ind1=" " ind2=" " tag="035">
    <subfield code="9">CNE7290TS</subfield>
  </datafield>
  <datafield ind1=" " ind2=" " tag="035">
    <subfield code="a">(NjP)2754222</subfield>
  </datafield>
  <datafield ind1=" " ind2=" " tag="043">
    <subfield code="a">a------</subfield>
    <subfield code="a">f------</subfield>
  </datafield>
  <datafield ind1=" " ind2=" " tag="079">
    <subfield code="a">ocm18397446</subfield>
  </datafield>
  <datafield ind1=" " ind2=" " tag="049">
    <subfield code="a">PULL</subfield>
  </datafield>
  <datafield ind1="1" ind2=" " tag="100">
    <subfield code="6">880-01</subfield>
    <subfield code="a">Ibn Daqīq al-ʻĪd, Muḥammad ibn ʻAlī,</subfield>
    <subfield code="d">1228-1302.</subfield>
    <subfield code="0">http://id.loc.gov/authorities/names/n84216766</subfield>
  </datafield>
  <datafield ind1="1" ind2="0" tag="245">
    <subfield code="6">880-02</subfield>
    <subfield code="a">Iḥkām al-aḥkām :</subfield>
    <subfield code="b">sharḥ ʻUmdat al-aḥkām.</subfield>
  </datafield>
  <datafield ind1=" " ind2=" " tag="260">
    <subfield code="6">880-03</subfield>
    <subfield code="a">[Cairo] :</subfield>
    <subfield code="b">Maṭbaʻat al-Sunnah al-Muḥammadīyah,</subfield>
    <subfield code="c">1955.</subfield>
  </datafield>
  <datafield ind1=" " ind2=" " tag="300">
    <subfield code="a">2 v. in 1 ;</subfield>
    <subfield code="c">24 cm.</subfield>
  </datafield>
  <datafield ind1=" " ind2=" " tag="500">
    <subfield code="a">Edited by Aḥmad Ḥāmid al-Faqī.</subfield>
  </datafield>
  <datafield ind1="1" ind2="0" tag="600">
    <subfield code="6">880-04</subfield>
    <subfield code="a">Jammāʻīlī, ʻAbd al-Ghanī ibn ʻAbd al-Wāḥid,</subfield>
    <subfield code="d">1146-1203.</subfield>
    <subfield code="t">ʻUmdat al-aḥkām.</subfield>
    <subfield code="0">http://id.loc.gov/authorities/names/n97055540</subfield>
  </datafield>
  <datafield ind1=" " ind2="0" tag="650">
    <subfield code="a">Islam</subfield>
    <subfield code="x">Customs and practices.</subfield>
    <subfield code="0">http://id.loc.gov/authorities/subjects/sh87005732</subfield>
  </datafield>
  <datafield ind1=" " ind2="0" tag="650">
    <subfield code="a">Islamic law</subfield>
    <subfield code="v">Early works to 1800.</subfield>
    <subfield code="0">http://id.loc.gov/authorities/subjects/sh2008104963</subfield>
  </datafield>
  <datafield ind1="1" ind2=" " tag="700">
    <subfield code="6">880-05</subfield>
    <subfield code="a">Faqī, Aḥmad Ḥāmid.</subfield>
  </datafield>
  <datafield ind1="1" ind2=" " tag="880">
    <subfield code="6">100-01/r</subfield>
    <subfield code="a">ابن دقيق العيد، محمد بن علي،</subfield>
    <subfield code="d">1228-1302.</subfield>
  </datafield>
  <datafield ind1="1" ind2="0" tag="880">
    <subfield code="6">245-02/r</subfield>
    <subfield code="a">احكام الاحكام :</subfield>
    <subfield code="b">شرح عمدة الاحكام.</subfield>
  </datafield>
  <datafield ind1=" " ind2=" " tag="880">
    <subfield code="6">260-03/r</subfield>
    <subfield code="a">[القاهرة] :</subfield>
    <subfield code="b">مطبعة السنة المحمدية،</subfield>
    <subfield code="c">1955.</subfield>
  </datafield>
  <datafield ind1="1" ind2="0" tag="880">
    <subfield code="6">600-04/r</subfield>
    <subfield code="a">جماعيلي، عبد الغني بن عبد الواحد،</subfield>
    <subfield code="d">1146-1203.</subfield>
    <subfield code="t">عمدة الاحكام.</subfield>
  </datafield>
  <datafield ind1="1" ind2=" " tag="880">
    <subfield code="6">700-05/r</subfield>
    <subfield code="a">فقي، احمد حامد.</subfield>
  </datafield>
  <datafield ind1=" " ind2=" " tag="911">
    <subfield code="a">20000130</subfield>
  </datafield>
  <datafield ind1=" " ind2=" " tag="994">
    <subfield code="a">C0</subfield>
    <subfield code="b">PUL</subfield>
  </datafield>
  <datafield ind1=" " ind2=" " tag="999">
    <subfield code="a">2754222</subfield>
  </datafield>
  <datafield ind1="0" ind2="0" tag="852">
    <subfield code="0">3064959</subfield>
    <subfield code="b">nec</subfield>
    <subfield code="t">1</subfield>
    <subfield code="h">KBP310.J35</subfield>
    <subfield code="i">A385 1955</subfield>
  </datafield>
  <datafield ind1=" " ind2=" " tag="959">
    <subfield code="a">2008-09-18 09:30:39 -0400</subfield>
  </datafield>
</record>
